@misc{condaforge2015,
    author= {conda-forge community},
    title = {{The conda-forge Project: Community-based Software
            Distribution Built on the conda Package Format
            and Ecosystem}},
    month        = jul,
    year         = 2015,
    publisher    = {Zenodo},
    doi          = {10.5281/zenodo.4774216},
    url          = {https://doi.org/10.5281/zenodo.4774216}
}

@article{vendrami2021sweepstake,
    title={Sweepstake reproductive success and collective dispersal produce 
        chaotic genetic patchiness in a broadcast spawner},
    author={Vendrami, David LJ and Peck, Lloyd S and Clark, Melody S and 
        Eldon, Bjarki and Meredith, Michael and Hoffman, Joseph I},
    journal={Science advances},
    volume={7},
    number={37},
    pages={eabj4713},
    year={2021},
    publisher={American Association for the Advancement of Science}
}

@article{johri2021statistical,
    title={Statistical inference in population genomics},
    author={Johri, P and Aquadro, CF and Beaumont, M and Charlesworth, B
        and Excoffier, L and Eyre-Walker, A and Keightley, PD and Lynch, M
            and McVean, G and Payseur, BA and others},
    year={2021}
}

@article{charlesworth2021effects,
    title={Effects of Selection at Linked Sites on Patterns of Genetic
        Variability},
    author={Charlesworth, Brian and Jensen, Jeffrey D},
    journal={Annual Review of Ecology, Evolution, and Systematics},
    volume={52},
    pages={177--197},
    year={2021},
    publisher={Annual Reviews}
}

@article{charlesworth1993effect,
    title={The effect of deleterious mutations on neutral molecular
        variation},
    author={Charlesworth, Brian and Morgan, MT and Charlesworth, Deborah},
    journal={Genetics},
    volume={134},
    number={4},
    pages={1289--1303},
    year={1993},
    publisher={Genetics Soc America}
}

@article{charlesworth1995pattern,
    title={The pattern of neutral molecular variation under the background
        selection model},
    author={Charlesworth, Deborah and Charlesworth, Brian and Morgan, MT},
    journal={Genetics},
    volume={141},
    number={4},
    pages={1619--1632},
    year={1995},
    publisher={Genetics Soc America}
}

@article{comeron2014background,
    title={Background selection as baseline for nucleotide variation across
        the {Drosophila} genome},
    author={Comeron, Josep M},
    journal={PLoS Genetics},
    volume={10},
    number={6},
    pages={e1004434},
    year={2014},
    publisher={Public Library of Science San Francisco, USA}
}

@conference{kluyver2016jupyter,
    Title = {Jupyter Notebooks -- a publishing format for reproducible
        computational workflows},
    Author = {Thomas Kluyver and Benjamin Ragan-Kelley and Fernando P{\'e}rez
        and Brian Granger and Matthias Bussonnier and Jonathan Frederic and
            Kyle Kelley and Jessica Hamrick and Jason Grout and Sylvain Corlay
            and Paul Ivanov and Dami{\'a}n Avila and Safia Abdalla and Carol
            Willing},
    Booktitle = {Positioning and Power in Academic Publishing: Players, Agents
        and Agendas},
    Editor = {F. Loizides and B. Schmidt},
    Organization = {IOS Press},
    Pages = {87 - 90},
    Year = {2016}
}

@article{shannon2019gender,
    title={Gender equality in science, medicine, and global health: where are
        we at and why does it matter?},
    author={Shannon, Geordan and Jansen, Melanie and Williams, Kate and
        C{\'a}ceres, Carlos and Motta, Angelica and Odhiambo, Aloyce and
            Eleveld, Alie and Mannell, Jenevieve},
    journal={The Lancet},
    volume={393},
    number={10171},
    pages={560--569},
    year={2019},
    publisher={Elsevier}
}

@article{dung2019illuminating,
    title={Illuminating womenâ€™s hidden contribution to historical theoretical
        population genetics},
    author={Dung, Samantha Kristin and L{\'o}pez, Andrea and Barragan,
        Ezequiel Lopez and Reyes, Rochelle-Jan and Thu, Ricky and
            Castellanos, Edgar and Catalan, Francisca and
            Huerta-S{\'a}nchez, Emilia and Rohlfs, Rori V},
    journal={Genetics},
    volume={211},
    number={2},
    pages={363--366},
    year={2019},
    publisher={Oxford University Press}
}

@article{wellenreuther2016women,
    title={Women in evolution--highlighting the changing face of evolutionary
        biology},
    author={Wellenreuther, Maren and Otto, Sarah},
    journal={Evolutionary Applications},
    volume={9},
    number={1},
    pages={3--16},
    year={2016},
    publisher={Wiley Online Library}
}


@article{bonham2017women,
    title={Women are underrepresented in computational biology: An analysis
        of the scholarly literature in biology, computer science and
            computational biology},
    author={Bonham, Kevin S and Stefan, Melanie I},
    journal={PLoS computational biology},
    volume={13},
    number={10},
    pages={e1005134},
    year={2017},
    publisher={Public Library of Science San Francisco, CA USA}
}

@article{trinkenreich2021women,
    title={Women's Participation in Open Source Software: A Survey of the
        Literature},
    author={Trinkenreich, Bianca and Wiese, Igor and Sarma, Anita and
        Gerosa, Marco and Steinmacher, Igor},
    journal={arXiv preprint arXiv:2105.08777},
    year={2021}
}

@article{miga2020telomere,
    title={Telomere-to-telomere assembly of a complete human {X} chromosome},
    author={Miga, Karen H and Koren, Sergey and Rhie, Arang and Vollger,
        Mitchell R and Gershman, Ariel and Bzikadze, Andrey and Brooks,
        Shelise and Howe, Edmund and Porubsky, David and Logsdon, Glennis A
            and others},
    journal={Nature},
    volume={585},
    number={7823},
    pages={79--84},
    year={2020},
    publisher={Nature Publishing Group}
}

@article{gardner2021sustained,
    title={Sustained software development, not number of citations or journal
        choice, is indicative of accurate bioinformatic software},
    author={Gardner, Paul P and Paterson, James M and McGimpsey, Stephanie
        R and Ghomi, Fatemeh Ashari and Umu, Sinan U and Pawlik, Aleksandra
            and Gavryushkin, Alex and Black, Michael A},
    journal={bioRxiv},
    pages={092205},
    year={2021},
    publisher={Cold Spring Harbor Laboratory}
}

@article{harris2020array,
    title={Array programming with NumPy},
    author={Harris, Charles R and Millman, K Jarrod and van der Walt,
        St{\'e}fan J and Gommers, Ralf and Virtanen, Pauli and Cournapeau,
        David and Wieser, Eric and Taylor, Julian and Berg, Sebastian and
            Smith, Nathaniel J and others},
    journal={Nature},
    volume={585},
    number={7825},
    pages={357--362},
    year={2020},
    publisher={Nature Publishing Group}
}

@article{neher2013genealogies,
    title={Genealogies of rapidly adapting populations},
    author={Neher, Richard A and Hallatschek, Oskar},
    journal={Proceedings of the National Academy of Sciences},
    volume={110},
    number={2},
    pages={437--442},
    year={2013},
    publisher={National Acad Sciences}
}

@article{desai2013genetic,
    title={Genetic diversity and the structure of genealogies in rapidly
        adapting populations},
    author={Desai, Michael M and Walczak, Aleksandra M and Fisher, Daniel
        S},
    journal={Genetics},
    volume={193},
    number={2},
    pages={565--585},
    year={2013},
    publisher={Oxford University Press}
}

@article{schweinsberg2017rigorous,
    title={Rigorous results for a population model with selection {II}:
        genealogy of the population},
    author={Schweinsberg, Jason},
    journal={Electronic Journal of Probability},
    volume={22},
    pages={1--54},
    year={2017},
    publisher={Institute of Mathematical Statistics and Bernoulli
        Society}
}

@article {gaynor2021alphasimr,
  author = {Gaynor, R. Chris and Gorjanc, Gregor and Hickey, John M.},
  title = {{AlphaSimR}: An {R}-package for Breeding Program Simulations},
  volume = {11},
  year = {2021},
  doi = {10.1093/g3journal/jkaa017},
  journal = {G3: Genes, Genomes, Genetics}
}

@article{jouganous2017inferring,
    title={Inferring the joint demographic history of multiple populations: 
        beyond the diffusion approximation},
    author={Jouganous, Julien and Long, Will and Ragsdale, Aaron P and Gravel, Simon},
    journal={Genetics},
    volume={206},
    number={3},
    pages={1549--1567},
    year={2017},
    publisher={Oxford University Press}
}

@article{gower2021demes,
  title={Demes: a standard format for demographic models},
  author={Gower, Graham and Ragsdale, Aaron P and others},
  journal={In preparation},
  year={2022},
}

@article{tskit2021tskit,
  title={Tskit: a portable library for population scale genealogical analysis},
  author={{Tskit developers}},
  journal={In preparation},
  year={2022},
}

@article{ragsdale2020lessons,
  title={Lessons learned from bugs in models of human history},
  author={Ragsdale, Aaron P and Nelson, Dominic and Gravel, Simon and Kelleher, Jerome},
  journal={American Journal of Human Genetics},
  year={2020},
  volume={107},
  number={4},
  pages={583--588}
}

@article{blum2010abc,
    author = {Blum, Michael G.B. and Fran{\c{c}}ois, Olivier},
    journal = {Statistics and Computing},
    number = {1},
    pages = {63--73},
    title = {Non-linear regression models for {Approximate Bayesian Computation}},
    volume = {20},
    year = {2010}
}


@article{raynal2019abc,
    author = {Raynal, Louis and Marin, Jean Michel and Pudlo, Pierre and Ribatet, Mathieu
        and Robert, Christian P. and Estoup, Arnaud},
    journal = {Bioinformatics},
    number = {10},
    pages = {1720--1728},
    title = {{ABC random forests for Bayesian parameter inference}},
    volume = {35},
    year = {2019}
}

@article{pudlo2016abc,
    author = {Pudlo, Pierre and Marin, Jean Michel and Estoup, Arnaud and Cornuet, Jean
        Marie and Gautier, Mathieu and Robert, Christian P.},
    journal = {Bioinformatics},
    number = {6},
    pages = {859--866},
    title = {{Reliable ABC model choice via random forests}},
    volume = {32},
    year = {2016}
}

@article{csillery2012abc,
    author = {Csill{\'{e}}ry, Katalin and Fran{\c{c}}ois, Olivier and Blum, Michael G B},
    journal = {Methods in Ecology and Evolution},
    number = {3},
    pages = {475--479},
    title = {{abc: An {R} package for approximate {B}ayesian computation {(ABC)}}},
    volume = {3},
    year = {2012}
}

@article{kelleher2016efficient,
  title={Efficient coalescent simulation and genealogical analysis for large sample sizes},
  author={Kelleher, Jerome and Etheridge, Alison M and McVean, Gilean},
  journal={PLoS computational biology},
  volume={12},
  number={5},
  pages={e1004842},
  year={2016},
  publisher={Public Library of Science}
}

@InCollection{kelleher2020coalescent,
    author={Kelleher, Jerome and Lohse, Konrad},
    editor={Dutheil, Julien Y.},
    title={Coalescent Simulation with msprime},
    bookTitle={Statistical Population Genomics},
    year={2020},
    publisher={Springer US},
    address={New York, NY},
    pages={191--230},
}

@article{kelleher2018efficient,
    author = {Kelleher, Jerome AND Thornton, Kevin R. AND Ashander, Jaime AND
        Ralph, Peter L.},
    journal = {PLoS Computational Biology},
    publisher = {Public Library of Science},
    title = {Efficient pedigree recording for fast population genetics simulation},
    year = {2018},
    month = {11},
    volume = {14},
    pages = {1-21},
    number = {11},
}

@article{haller2018tree,
    title={Tree-sequence recording in {SLiM} opens new horizons for
        forward-time simulation of whole genomes},
    author={Haller, Benjamin C and Galloway, Jared and Kelleher, Jerome and
        Messer, Philipp W and Ralph, Peter L},
    journal={Molecular ecology resources},
    year={2018},
    publisher={Wiley Online Library}
}

@article{kelleher2019inferring,
  author = {Kelleher, Jerome and Wong, Yan and Wohns, Anthony W. 
      and Fadil, Chaimaa and Albers, Patrick K. and McVean, Gil},
  journal = {Nature Genetics},
  keywords = {methods tree_sequence tree_sequence_inference},
  number = 9,
  pages = {1330--1338},
  title = {Inferring whole-genome histories in large population datasets},
  volume = 51,
  year = 2019
}

@article{wohns2021unified,
    title={A unified genealogy of modern and ancient genomes},
    author={Wohns, Anthony Wilder and Wong, Yan and Jeffery, Ben and
        Akbari, Ali and Mallick, Swapan and Pinhasi, Ron and Patterson,
        Nick and Reich, David and Kelleher, Jerome and McVean, Gil},
    journal={bioRxiv},
    year={2021},
    publisher={Cold Spring Harbor Laboratory}
}

@article{mcvean2005approximating,
    author ={Gilean A. T. McVean and Niall J. Cardin},
    title = {Approximating the coalescent with recombination}, 
    year = {2005},
    journal = {Philos Trans R Soc Lond B Biol Sci},
    volume = {360},
    pages = {1387--1393},
}

@article{marjoram2006fast,
    author ={Paul Marjoram and Jeff D Wall},
    title = {Fast ``coalescent'' simulation}, 
    year = {2006},
    journal = {BMC Genet},
    volume = {7},
    pages = {16},
}

@article{carvajal2008simulation,
    title={Simulation of genomes: a review},
    author={Carvajal-Rodr{\'\i}guez, Antonio},
    journal={Curr Genomics},
    volume={9},
    number={3},
    pages={155},
    year={2008},
}

@article{youfang2008survey,
    title={A survey of genetic simulation software for population and epidemiological studies},
    author={Liu, Youfang and Athanasiadis, Georgios and Weale, Michael E},
    journal={Hum Genomics},
    volume={3},
    number={1},
    pages={79},
    year={2008},
}

@article{arenas2012simulation,
    title={Simulation of molecular data under diverse evolutionary scenarios},
    author={Arenas, Miguel},
    journal = {PLoS Computational Biology},
    volume={8},
    number={5},
    pages={e1002495},
    year={2012},
}

@article{yuan2012overview,
    title={An overview of population genetic data simulation},
    author={Yuan, Xiguo and Miller, David J and Zhang, Junying and
        Herrington, David and Wang, Yue},
    journal={Journal of Computational Biology},
    volume={19},
    number={1},
    pages={42--54},
    year={2012},
}

@article{hoban2012computer,
    title={Computer simulations: tools for population and evolutionary
        genetics},
    author={Hoban, Sean and Bertorelle, Giorgio and Gaggiotti, Oscar E},
    journal={Nature Reviews Genetics},
    volume={13},
    number={2},
    pages={110--122},
    year={2012},
    publisher={Nature Publishing Group}
}

@article{yang2014critical,
    author ={Tao Yang and Hong-Wen Deng and Tianhua Niu},
    title = {Critical assessment of coalescent simulators in modeling 
        recombination hotspots in genomic sequences}, 
    year = {2014},
    journal = {BMC Bioinformatics},
    volume = {15},
    pages = {3},
}

@article{spencer2004selsim,
    title={{SelSim:} a program to simulate population genetic 
        data with natural selection and recombination},
    author={Spencer, Chris CA and Coop, Graham},
    journal={Bioinformatics},
    volume={20},
    number={18},
    pages={3673--3675},
    year={2004},
}

@article{teshima2009mbs,
    title={mbs: modifying {H}udson's ms software to generate samples of 
        {DNA} sequences with a biallelic site under selection},
    author={Teshima, Kosuke M and Innan, Hideki},
    journal={BMC Bioinformatics},
    volume={10},
    number={1},
    pages={166},
    year={2009},
}

@article{ewing2010msms,
    author ={Gregory Ewing and Joachim Hermisson},
    title = {{MSMS:} A Coalescent Simulation Program Including Recombination, 
        Demographic Structure, and Selection at a Single Locus}, 
    year = {2010},
    journal = {Bioinformatics},
    volume = {26},
    number = {16},
    pages = {2064--2065},
}

@article{shlyakhter2014cosi2,
    author ={Ilya Shlyakhter and Pardis C. Sabeti and Stephen F. Schaffner},
    title = {Cosi2: an efficient simulator of exact and approximate coalescent with selection}, 
    year = {2014},
    journal = {Bioinformatics},
    volume = {30},
    number = {23},
    pages = {3427--3429},
}

@article{kingman1982genealogy,
    title={On the genealogy of large populations},
    author={Kingman, John FC},
    journal={Journal of applied probability},
    volume={19},
    number={A},
    pages={27--43},
    year={1982},
    publisher={Cambridge University Press}
}

@article{kingman1982coalescent,
    title={The coalescent},
    author={Kingman, John F. C.},
    journal={Stochastic processes and their applications},
    volume={13},
    number={3},
    pages={235--248},
    year={1982},
    publisher={Elsevier}
}

@article {tajima1983evolutionary,
	author = {Tajima, Fumio},
	title = {Evolutionary relationship of {DNA} sequences in finite populations},
	volume = {105},
	number = {2},
	pages = {437--460},
	year = {1983},
	publisher = {Genetics},
	issn = {0016-6731},
	journal = {Genetics}
}

@article{hudson2002generating,
    author ={Richard R. Hudson},
    title = {Generating samples under a {Wright-Fisher} neutral model of genetic variation}, 
    year = {2002},
    journal = {Bioinformatics},
    volume = {18},
    number = {2},
    pages = {337--338},
}
@article{hudson1990gene,
    author = {Richard R. Hudson},
    title = {Gene genealogies and the coalescent process},
    journal = {Oxford Surveys in Evolutionary Biology},
    year = {1990},
    volume = {7},
    pages = {1-44},
}

@article{hudson1983testing,
    title = {Testing the Constant-Rate Neutral Allele Model with Protein Sequence Data},
    author = {Richard R. Hudson},
    journal = {Evolution}, 
    year = {1983},
    volume = {37},
    number = {1}, 
    pages = {203--217},
}

@article{hudson1983properties,
    title = {Properties of a neutral allele model with intragenic recombination},
    author = {Richard R. Hudson},
    journal = {Theoretical Population Biology}, 
    year = {1983},
    volume = {23},
    pages = {183--201},
}

@article{kaplan1985use,
    title = {The use of sample genealogies for studying a selectively neutral 
        $m$-loci model with recombination},
    author = {Norman Kaplan and Richard R. Hudson},
    journal = {Theoretical Population Biology}, 
    year = {1985},
    volume = {28},
    pages = {382--396},
}

@book{wakely2008coalescent,
    author = {Wakeley, John},
    title = {Coalescent theory: an introduction},
    year = {2008},
    address = {Englewood, Colorado},
    publisher = {Roberts and Company},
}


@article{griffiths1991two,
    title={The two-locus ancestral graph},
    author={Griffiths, Robert C},
    journal={Lecture Notes-Monograph Series},
    volume={18},
    pages={100--117},
    year={1991},
}

@incollection{griffiths1997ancestral,
    author = {Robert C Griffiths and Paul Marjoram},
    title = {An ancestral recombination graph},
    editor = {Donnelly, P. and Tavar\'e, S.},
    booktitle = {Progress in Population Genetics and Human Evolution, 
        IMA Volumes in Mathematics and its Applications},
    volume = {87},
    publisher = {Springer-Verlag},
    address = {Berlin},
    year = {1997},
    pages = {257--270},
}

@article{fenwick1994new,
    author ={Peter M. Fenwick},
    title = {A New Data Structure for Cumulative Frequency Tables}, 
    year = {1994},
    journal = {Software: Practice and Experience},
    volume = {24},
    pages = {327--336},
}

@book{knuth1998sorting,
    author = {D. E. Knuth},
    title = {Sorting and Searching},
    publisher = {Addison-Wesley},
    year = {1998},
    edition = {Second},
    address = {Reading, Massachusetts},
    volume = {3 of \emph{The Art of Computer Programming}}}
}

@article{wiuf1999recombination,
    author ={Carsten Wiuf and Jotun Hein},
    title = {Recombination as a Point Process along Sequences}, 
    year = {1999},
    journal = {Theoretical Population Biology},
    volume = {55},
    number = {3},
    pages = {248--259},
}

@article{wiuf1999ancestry,
    title={The ancestry of a sample of sequences subject to recombination},
    author={Wiuf, Carsten and Hein, Jotun},
    journal={Genetics},
    volume={151},
    number={3},
    pages={1217--1228},
    year={1999},
}

@article{hellenthal2007mshot,
    title={msHOT: modifying {Hudson}'s ms simulator to incorporate 
        crossover and gene conversion hotspots},
    author={Hellenthal, Garrett and Stephens, Matthew},
    journal={Bioinformatics},
    volume={23},
    number={4},
    pages={520--521},
    year={2007}
}

@article{wang2014new,
    title={A new method for modeling coalescent processes with recombination},
    author={Wang, Ying and Zhou, Ying and Li, Linfeng and Chen, 
        Xian and Liu, Yuting and Ma, Zhi-Ming and Xu, Shuhua},
    journal={BMC Bioinformatics},
    volume={15},
    number={1},
    pages={273},
    year={2014},
}

@article{zhu2015hybrid,
    title={{Hybrid-Lambda:} simulation of multiple merger and {Kingman} 
        gene genealogies in species networks and species trees},
    author={Zhu, Sha and Degnan, James H and Goldstien, Sharyn J and Eldon, Bjarki},
    journal={BMC Bioinformatics},
    volume={16},
    number={292},
    year={2015}
}

@article{schweinsberg2000coalescents,
    title={Coalescents with simultaneous multiple collisions},
    author={Schweinsberg, Jason},
    journal = {Electron J of Probab},
    volume={5},
    number={12},
    pages={1--50},
    year={2000},
}

@article{donnelly1999particle,
    title={Particle representations for measure-valued population models},
    author={Donnelly, Peter and Kurtz, Thomas G},
    journal={Ann Probab},
    volume={27},
    number={1},
    pages={166--205},
    year={1999},
}

@article{haller2019slim,
    title={{SLiM} 3: forward genetic simulations beyond the {Wright--Fisher}
        model},
    author={Haller, Benjamin C and Messer, Philipp W},
    journal={Molecular biology and evolution},
    volume={36},
    number={3},
    pages={632--637},
    year={2019},
    publisher={Oxford University Press}
}

@article{speidel2019method,
    author = {Speidel, Leo and Forest, Marie and Shi, Sinan and Myers, Simon R.},
    journal = {Nature Genetics},
    number = {9},
    pages = {1321--1329},
    title = {A method for genome-wide genealogy estimation for thousands of samples},
    volume = {51},
    year = {2019}
}

@article{harris2019database,
    title={From a database of genomes to a forest of evolutionary trees},
    author={Harris, Kelley},
    journal={Nature genetics},
    volume={51},
    number={9},
    pages={1306--1307},
    year={2019},
    publisher={Nature Publishing Group}
}

@article{tang2019genealogy,
    title={Genealogy at the genome scale},
    author={Tang, Lin},
    journal={Nature methods},
    volume={16},
    number={11},
    pages={1077--1077},
    year={2019},
}

@article{adrion2020community,
    title={A community-maintained standard library of population genetic
        models},
    author={Adrion, Jeffrey R and Cole, Christopher B and Dukler, Noah and
        Galloway, Jared G and Gladstein, Ariella L and Gower, Graham and
            Kyriazis, Christopher C and Ragsdale, Aaron P and Tsambos,
        Georgia and Baumdicker, Franz and others},
    journal={Elife},
    volume={9},
    pages={e54967},
    year={2020},
    publisher={eLife Sciences Publications Limited}
}

@article{kern2016discoal,
    title={Discoal: flexible coalescent simulations with selection},
    author={Kern, Andrew D and Schrider, Daniel R},
    journal={Bioinformatics},
    volume={32},
    number={24},
    pages={3839--3841},
    year={2016},
    publisher={Oxford University Press}
}

@article{wilton2015smc,
    title={The {SMC'} is a highly accurate approximation to the ancestral
        recombination graph},
    author={Wilton, Peter R and Carmi, Shai and Hobolth, Asger},
    journal={Genetics},
    volume={200},
    number={1},
    pages={343--355},
    year={2015},
    publisher={Genetics Soc America}
}

@article{bhaskar2014distortion,
    title={Distortion of genealogical properties when the sample is very
        large},
    author={Bhaskar, Anand and Clark, Andrew G and Song, Yun S},
    journal={Proceedings of the National Academy of Sciences},
    volume={111},
    number={6},
    pages={2385--2390},
    year={2014},
    publisher={National Acad Sciences}
}

@article{palamara2016argon,
    title={{ARGON}: fast, whole-genome simulation of the discrete time
        {W}right-{F}isher process},
    author={Palamara, Pier Francesco},
    journal={Bioinformatics},
    volume={32},
    number={19},
    pages={3032--3034},
    year={2016},
    publisher={Oxford University Press}
}

@article{wakeley2012gene,
    title={Gene genealogies within a fixed pedigree, and the robustness of
        {Kingman's} coalescent},
    author={Wakeley, John and King, L{\'e}andra and Low, Bobbi S and
        Ramachandran, Sohini},
    journal={Genetics},
    volume={190},
    number={4},
    pages={1433--1445},
    year={2012},
    publisher={Genetics Soc America}
}

@article{nelson2020accounting,
    title={Accounting for long-range correlations in genome-wide simulations
        of large cohorts},
    author={Nelson, Dominic and Kelleher, Jerome and Ragsdale, Aaron P and
        Moreau, Claudia and McVean, Gil and Gravel, Simon},
    journal={PLoS genetics},
    volume={16},
    number={5},
    pages={e1008619},
    year={2020},
    publisher={Public Library of Science San Francisco, CA USA}
}

@article{peischl2013sequential,
    title={A sequential coalescent algorithm for chromosomal inversions},
    author={Peischl, Stephan and Koch, E and Guerrero, RF and Kirkpatrick, Mark},
    journal={Heredity},
    volume={111},
    number={3},
    pages={200--209},
    year={2013},
    publisher={Nature Publishing Group}
}

@article{eriksson2009sequential,
    title={Sequential {Markov} coalescent algorithms for population models with 
        demographic structure},
    author={Eriksson, Anders and Mahjani, B and Mehlig, Bernhard},
    journal = {Theoretical Population Biology},
    volume={76},
    number={2},
    pages={84--91},
    year={2009},
}

@article{arenas2010coalescent,
    title={Coalescent simulation of intracodon recombination},
    author={Arenas, Miguel and Posada, David},
    journal={Genetics},
    volume={184},
    number={2},
    pages={429--437},
    year={2010},
}

@article{wiuf2000coalescent,
    title={The coalescent with gene conversion},
    author={Wiuf, Carsten and Hein, Jotun},
    journal={Genetics},
    volume={155},
    number={1},
    pages={451--462},
    year={2000},
    publisher={Genetics Soc America}
}

@article{heled2009bayesian,
    title={Bayesian inference of species trees from multilocus data},
    author={Heled, Joseph and Drummond, Alexei J},
    journal={Molecular biology and evolution},
    volume={27},
    number={3},
    pages={570--580},
    year={2009},
    publisher={Society for Molecular Biology and Evolution}
}

@article{kuhner2000maximum,
    title={Maximum likelihood estimation of recombination rates from
        population data},
    author={Kuhner, Mary K and Yamato, Jon and Felsenstein, Joseph},
    journal={Genetics},
    volume={156},
    number={3},
    pages={1393--1401},
    year={2000},
    publisher={Genetics Soc America}
}

@article{cartwright2005dna,
    title={{DNA} assembly with gaps ({Dawg}): simulating sequence evolution},
    author={Cartwright, Reed A},
    journal={Bioinformatics},
    volume={21},
    number={Suppl\_3},
    pages={iii31--iii38},
    year={2005},
    publisher={Oxford University Press}
}

@article{rambaut1997seq,
    title={{Seq-Gen}: an application for the {M}onte {C}arlo simulation of {DNA}
        sequence evolution along phylogenetic trees},
    author={Rambaut, Andrew and Grassly, Nicholas C},
    journal={Bioinformatics},
    volume={13},
    number={3},
    pages={235--238},
    year={1997},
    publisher={Oxford University Press}
}

@article{minichiello2006mapping,
    title={Mapping trait loci by use of inferred ancestral recombination
        graphs},
    author={Minichiello, Mark J and Durbin, Richard},
    journal={The American Journal of Human Genetics},
    volume={79},
    number={5},
    pages={910--922},
    year={2006},
    publisher={Elsevier}
}

@article{rasmussen2014genome,
    title={Genome-wide inference of ancestral recombination graphs},
    author={Rasmussen, Matthew D and Hubisz, Melissa J and Gronau, Ilan and
        Siepel, Adam},
    journal={PLoS genetics},
    volume={10},
    number={5},
    pages={e1004342},
    year={2014},
    publisher={Public Library of Science}
}

@article{becheler2020occupancy,
    author = {Becheler, Arnaud and Knowles, L Lacey},
    title = {Occupancy spectrum distribution: application for coalescence 
        simulation with generic mergers},
    journal = {Bioinformatics},
    year = {2020},
    month = {02},
    issn = {1367-4803},
    note = {btaa090},
}

@article{becheler2019quetzal,
    title={The Quetzal Coalescence template library: A {C++} programmers
        resource for integrating distributional, demographic and coalescent
            models},
    author={Becheler, Arnaud and Coron, Camille and Dupas, St{\'e}phane},
    journal={Molecular ecology resources},
    volume={19},
    number={3},
    pages={788--793},
    year={2019},
    publisher={Wiley Online Library}
}

@article{thornton2014cpp,
    title={A {C++} template library for efficient forward-time population
        genetic simulation of large populations},
    author={Thornton, Kevin R},
    journal={Genetics},
    volume={198},
    number={1},
    pages={157--166},
    year={2014},
    publisher={Genetics Soc America}
}

@article{li2011inference,
author ={Heng Li and Richard Durbin},
title = {Inference of human population history from individual whole-genome sequences}, 
year = {2011},
journal = {Nature},
volume = {475},
pages = {493--496},
}

@article{schiffels2014inferring,
author ={Stephan Schiffels and Richard Durbin},
title = {Inferring human population size and separation history from multiple genome sequences}, 
year = {2014},
journal= {Nat Genet},
volume = {46},
pages = {919--925},
}

@article{harris2013inferring,
    title={Inferring demographic history from a spectrum of shared haplotype lengths},
    author={Harris, Kelley and Nielsen, Rasmus},
    journal={PLoS genetics},
    volume={9},
    number={6},
    pages={e1003521},
    year={2013},
    publisher={Public Library of Science}
}

@article{nielsen2000estimation,
    title={Estimation of population parameters and recombination rates from single nucleotide
    polymorphism},
    author={Nielsen, Rasmus},
    journal={Genetics},
    volume={154},
    number={2},
    pages={931--942},
    year={2000},
    publisher={Genetics Soc America}
}

@article{wang2008bayesian,
  author = {Wang, Ying and Rannala, Bruce},
  title = {Bayesian inference of fine-scale recombination rates using population genomic data},
  journal = {Philosophical Transactions of the Royal Society of London. Series B: Biological Sciences},
  volume = {363},
  number = {1512},
  pages = {3921--3930},
  year = {2008}
}

@article{carmi2014renewal,
    title={A renewal theory approach to {IBD} sharing},
    author={Carmi, Shai and Wilton, Peter R and Wakeley, John and Pe'er, Itsik},
    journal={Theoretical population biology},
    volume={97},
    pages={35--48},
    year={2014},
    publisher={Elsevier}
}

@article{zheng2014bayesian,
    title={Bayesian inference of local trees along chromosomes by the sequential {Markov} coalescent},
    author={Zheng, Chaozhi and Kuhner, Mary K and Thompson, Elizabeth A},
    journal={Journal of molecular evolution},
    volume={78},
    number={5},
    pages={279--292},
    year={2014},
    publisher={Springer}
}

@article{sheehan2013estimating,
    title={Estimating variable effective population sizes from multiple genomes: a sequentially {Markov} conditional sampling distribution approach},
    author={Sheehan, Sara and Harris, Kelley and Song, Yun S},
    journal={Genetics},
    volume={194},
    number={3},
    pages={647--662},
    year={2013},
    publisher={Genetics Soc America}
}

@article{terhorst2017robust,
    title={Robust and scalable inference of population history from hundreds of unphased whole genomes},
    author={Terhorst, Jonathan and Kamm, John A and Song, Yun S},
    journal={Nature genetics},
    volume={49},
    number={2},
    pages={303--309},
    year={2017},
    publisher={Nature Research}
}

@article{hobolth2014markovian,
    title={Markovian approximation to the finite loci coalescent with recombination along multiple sequences},
    author={Hobolth, Asger and Jensen, Jens Ledet},
    journal={Theoretical population biology},
    volume={98},
    pages={48--58},
    year={2014},
    publisher={Elsevier}
}

@article{liu2008survey,
    title={A survey of genetic simulation software for population and
        epidemiological studies},
    author={Liu, Youfang and Athanasiadis, Georgios and Weale, Michael E},
    journal={Human genomics},
    volume={3},
    number={1},
    pages={79},
    year={2008},
    publisher={BioMed Central}
}

@article{martin2017human,
    title={Human demographic history impacts genetic risk prediction 
        across diverse populations},
    author={Martin, Alicia R and Gignoux, Christopher R and 
        Walters, Raymond K and Wojcik, Genevieve L 
        and Neale, Benjamin M and Gravel, Simon and 
        Daly, Mark J and Bustamante, Carlos D and Kenny, Eimear E},
    journal={The American Journal of Human Genetics},
    volume={100},
    number={4},
    pages={635--649},
    year={2017},
    publisher={Elsevier}
}

@article{martin2020erratum,
    title={Erratum: Human Demographic History Impacts Genetic Risk Prediction 
        across Diverse Populations (The American Journal of Human Genetics (2020) 107 (4)(583--588),(S000292972030286X),(10.1016/j. ajhg. 2020.08. 017))},
    author={Martin, Alicia R and Gignoux, Christopher R and Walters, Raymond K 
        and Wojcik, Genevieve L and Neale, Benjamin M and Gravel, Simon 
        and Daly, Mark J and Bustamante, Carlos D and Kenny, Eimear E},
    journal={American journal of human genetics},
    volume={107},
    number={4},
    pages={788--789},
    year={2020},
    publisher={Cell Press}
}

@article{staab2015scrm,
    title={scrm: Efficiently simulating long sequences using the approximated
        coalescent with recombination},
    author={Staab, Paul R and Zhu, Sha and Metzler, Dirk and Lunter,
        Gerton},
    journal={Bioinformatics},
    volume={31},
    number={10},
    pages={1680--1682},
    year={2015},
    publisher={Oxford University Press}
}

@book{hein2004gene,
    title={Gene genealogies, variation and evolution: a primer in coalescent
        theory},
    author={Hein, Jotun and Schierup, Mikkel and Wiuf, Carsten},
    year={2004},
    publisher={Oxford University Press, USA}
}

@article{stephens2015big,
    title={Big data: astronomical or genomical?},
    author={Stephens, Zachary D and Lee, Skylar Y and Faghri, Faraz and
        Campbell, Roy H and Zhai, Chengxiang and Efron, Miles J and Iyer,
        Ravishankar and Schatz, Michael C and Sinha, Saurabh and Robinson,
        Gene E},
    journal={PLoS biology},
    volume={13},
    number={7},
    pages={e1002195},
    year={2015},
    publisher={Public Library of Science}
}

@article{bycroft2018genome,
    title={The {UK} {Biobank} resource with deep phenotyping and genomic data},
    author={Bycroft, Clare and Freeman, Colin and Petkova, Desislava and
         Band, Gavin and Elliott, Lloyd T and Sharp, Kevin and Motyer, Allan
             and Vukcevic, Damjan and Delaneau, Olivier and O'Connell, Jared
             and others},
    journal={Nature},
    volume={562},
    pages={203â€“209},
    year={2018},
}

@article{felsenstein1989phylip,
    author ={Joseph Felsenstein},
    title = {{PHYLIP}---phylogeny inference package (version 3.2)},
    year = {1989},
    journal = {Cladistics},
    volume = {5},
    pages = {164--166},
}

@article{ralph2020efficiently,
    title={Efficiently summarizing relationships in large samples: a general
        duality between statistics of genealogies and genomes},
    author={Ralph, Peter and Thornton, Kevin and Kelleher, Jerome},
    journal={Genetics},
    volume={215},
    number={3},
    pages={779--797},
    year={2020},
    publisher={Oxford University Press}
}

@article{baumdicker2014AGTG,
author = {Baumdicker, Franz and Pfaffelhuber, Peter},
doi = {10.1214/EJP.v19-2642},
journal = {Electronic Journal of Probability},
keywords = {Prokaryote,bacterial evolution,coalescent,gene frequency spectrum,pangenome},
pages = {1--27},
title = {{The infinitely many genes model with horizontal gene transfer}},
volume = {19},
year = {2014}
}

@article{brown2016simbac,
author = {Brown, Thomas and Didelot, Xavier and Wilson, Daniel J. and Maio, Nicola De},
journal = {Microbial Genomics},
number = {1},
pages = {1--6},
pmid = {27713837},
title = {{SimBac: simulation of whole bacterial genomes with homologous recombination}},
volume = {2},
year = {2016}
}

@article{spielman2015pyvolve,
  title={Pyvolve: a flexible {Python} module for simulating sequences along phylogenies},
  author={Spielman, Stephanie J and Wilke, Claus O},
  journal={PloS one},
  volume={10},
  number={9},
  year={2015},
  publisher={Public Library of Science}
}

@article{wang2020tracking,
  title={Tracking human population structure through time from whole genome sequences},
  author={Wang, Ke and Mathieson, Iain and O'Connell, Jared and Schiffels, Stephan},
  journal={PLoS Genetics},
  volume={16},
  number={3},
  pages={e1008552},
  year={2020},
  publisher={Public Library of Science}
}

@article{griffiths1994sampling,
  author = {Griffiths, Robert C.  and TavarÃ©, Simon  
      and Bodmer, Walter Fred  and Donnelly, Peter James },
  title = {Sampling theory for neutral alleles in a varying environment},
  journal = {Philosophical Transactions of the Royal Society of London. Series B: Biological Sciences},
  volume = {344},
  number = {1310},
  pages = {403-410},
  year = {1994},
}

@article{keightley2007joint,
  author = {Keightley, Peter D. and Eyre-Walker, Adam},
  title = {Joint Inference of the Distribution of Fitness Effects 
      of Deleterious Mutations and Population Demography Based on Nucleotide Polymorphism Frequencies},
  volume = {177},
  number = {4},
  pages = {2251--2261},
  year = {2007},
  journal = {Genetics}
}

@article{galtier2000detecting,
  Author = {Galtier, Nicolas and Depaulis, Frantz and Barton, N. H.},
  Journal = {Genetics},
  Number = {2},
  Pages = {981-987},
  Title = {Detecting bottlenecks and selective sweeps from {DNA} sequence polymorphism},
  Volume = {155},
  Year = {2000}
}

@article{bunnefeld2015inferring,
  author = {Bunnefeld, Lynsey and Frantz, Laurent A. F. and Lohse, Konrad},
  title = {Inferring bottlenecks from genome-wide samples of short sequence blocks},
  volume = {201},
  number = {3},
  pages = {1157--1169},
  year = {2015},
  doi = {10.1534/genetics.115.179861},
  journal = {Genetics}
}

@article{marth2004allele,
  author = {Marth, Gabor T. and Czabarka, Eva and Murvai, Janos and Sherry, Stephen T.},
  title = {The Allele Frequency Spectrum in Genome-Wide Human Variation Data Reveals Signals of Differential Demographic History in Three Large World Populations},
  volume = {166},
  number = {1},
  pages = {351--372},
  year = {2004},
  journal = {Genetics}
}


@article{jukes1969evolution,
    title={Evolution of protein molecules},
    author={Jukes, Thomas H and Cantor, Charles R and others},
    journal={Mammalian protein metabolism},
    volume={3},
    pages={21--132},
    year={1969}
}

@article{kimura1980simple,
    title={A simple method for estimating evolutionary rates of base
        substitutions through comparative studies of nucleotide sequences},
    author={Kimura, Motoo},
    journal={Journal of molecular evolution},
    volume={16},
    number={2},
    pages={111--120},
    year={1980},
    publisher={Springer}
}

@article{kimura1981estimation,
    title={Estimation of evolutionary distances between homologous nucleotide
        sequences},
    author={Kimura, Motoo},
    journal={Proceedings of the National Academy of Sciences},
    volume={78},
    number={1},
    pages={454--458},
    year={1981},
    publisher={National Acad Sciences}
}

@article{felsenstein1981evolutionary,
    title={Evolutionary trees from {DNA} sequences: a maximum likelihood
        approach},
    author={Felsenstein, Joseph},
    journal={Journal of molecular evolution},
    volume={17},
    number={6},
    pages={368--376},
    year={1981},
    publisher={Springer}
}

@article{felsenstein1996hidden,
    title={A {Hidden} {Markov} {Model} approach to variation among sites in rate of
        evolution.},
    author={Felsenstein, Joseph and Churchill, Gary A},
    journal={Molecular biology and evolution},
    volume={13},
    number={1},
    pages={93--104},
    year={1996}
}

@article{tavare1986some,
    title={Some probabilistic and statistical problems in the analysis of {DNA}
        sequences},
    author={Tavar{\'e}, Simon and others},
    journal={Lectures on mathematics in the life sciences},
    volume={17},
    number={2},
    pages={57--86},
    year={1986}
}

@article{henikoff1992amino,
    title={Amino acid substitution matrices from protein blocks},
    author={Henikoff, Steven and Henikoff, Jorja G},
    journal={Proceedings of the National Academy of Sciences},
    volume={89},
    number={22},
    pages={10915--10919},
    year={1992},
    publisher={National Acad Sciences}
}

@article{dayhoff1978,
    title={A model of evolutionary change in proteins},
    author={Dayhoff, M and Schwartz, R and Orcutt, B},
    journal={Atlas of protein sequence and structure},
    volume={5},
    pages={345--352},
    year={1978},
    publisher={National Biomedical Research Foundation Silver
        Spring MD}
}

@article{demaio2021phastsim,
    title={phastSim: efficient simulation of sequence evolution for
        pandemic-scale datasets},
    author={De Maio, Nicola and Weilguny, Lukas and Walker, Conor R and
        Turakhia, Yatish and Corbett-Detig, Russell and Goldman, Nick},
    journal={bioRxiv},
    year={2021},
    publisher={Cold Spring Harbor Laboratory}
}

@article{fletcher2009indelible,
    title={{INDELible}: a flexible simulator of biological sequence evolution},
    author={Fletcher, William and Yang, Ziheng},
    journal={Molecular biology and evolution},
    volume={26},
    number={8},
    pages={1879--1888},
    year={2009},
    publisher={Oxford University Press}
}

@article{turakhia2021ultrafast,
    title={Ultrafast Sample placement on Existing tRees {(UShER)} enables
        real-time phylogenetics for the {SARS-CoV-2} pandemic},
    author={Turakhia, Yatish and Thornlow, Bryan and Hinrichs, Angie S and
        De Maio, Nicola and Gozashti, Landen and Lanfear, Robert and
            Haussler, David and Corbett-Detig, Russell},
    journal={Nature Genetics},
    pages={1--8},
    year={2021},
    publisher={Nature Publishing Group}
}

@article{mcbroome2021daily,
    title={A daily-updated database and tools for comprehensive {SARS-CoV-2}
        mutation-annotated trees},
    author={McBroome, Jakob and Thornlow, Bryan and Hinrichs, Angie S and
        De Maio, Nicola and Goldman, Nick and Haussler, David and
            Corbett-Detig, Russell and Turakhia, Yatish},
    journal={bioRxiv},
    year={2021},
    publisher={Cold Spring Harbor Laboratory}
}

@article{kelleher2013coalescent,
    title={Coalescent simulation in continuous space},
    author={Kelleher, Jerome and Barton, Nicholas H and Etheridge, Alison M},
    journal={Bioinformatics},
    volume={29},
    number={7},
    pages={955--956},
    year={2013},
    publisher={Oxford University Press}
}

@article{kelleher2014coalescent,
    title={Coalescent simulation in continuous space: Algorithms for large
        neighbourhood size},
    author={Kelleher, Jerome and Etheridge, Alison M and Barton, Nicholas H},
    journal={Theoretical population biology},
    volume={95},
    pages={13--23},
    year={2014},
    publisher={Elsevier}
}

@article{barton2010new,
    title={A new model for extinction and recolonization in two dimensions:
        quantifying phylogeography},
    author={Barton, Nicholas H and Kelleher, Jerome and Etheridge, Alison M},
    journal={Evolution: International journal of organic evolution},
    volume={64},
    number={9},
    pages={2701--2715},
    year={2010},
    publisher={Wiley Online Library}
}

@article{koskela2018multi,
    title={Multi-locus data distinguishes between population growth and
        multiple merger coalescents},
    author={Koskela, Jere},
    journal={Statistical applications in genetics and molecular biology},
    volume={17},
    number={3},
    year={2018},
    publisher={De Gruyter}
}

@article{koskela2019robust,
    title={Robust model selection between population growth and multiple
        merger coalescents},
    author={Koskela, Jere and {Wilke Berenguer}, Maite},
    journal={Mathematical biosciences},
    volume={311},
    pages={1--12},
    year={2019},
    publisher={Elsevier}
}

@article{hobolth2019phase,
    title={Phase-type distributions in population genetics},
    author={Hobolth, Asger and Siri-Jegousse, Arno and Bladt, Mogens},
    journal={Theoretical population biology},
    volume={127},
    pages={16--32},
    year={2019},
    publisher={Elsevier}
}

@article{birkner2013statistical,
    year = {2013},
    publisher = {Oxford University Press ({OUP})},
    volume = {195},
    number = {3},
    pages = {1037--1053},
    author = {Matthias Birkner and Jochen Blath and Bjarki Eldon},
    title = {Statistical Properties of the Site-Frequency Spectrum Associated
        with ${\Lambda}$-Coalescents},
    journal = {Genetics}
}

@article{blath2016site,
    year = {2016},
    publisher = {Elsevier {BV}},
    volume = {110},
    pages = {36--50},
    author = {Jochen Blath and Mathias Christensen Cronj\"{a}ger and Bjarki
        Eldon and Matthias Hammer},
    title = {The site-frequency spectrum associated with ${\Xi}$-coalescents},
    journal = {Theoretical Population Biology}
}

@article{danecek2011variant,
    title={The variant call format and VCFtools},
    author={Danecek, Petr and Auton, Adam and Abecasis, Goncalo and Albers,
        Cornelis A and Banks, Eric and DePristo, Mark A and Handsaker,
        Robert E and Lunter, Gerton and Marth, Gabor T and Sherry, Stephen T and others},
    journal={Bioinformatics},
    volume={27},
    number={15},
    pages={2156--2158},
    year={2011},
    publisher={Oxford University Press}
}

@article{chen2009fast,
    title={Fast and flexible simulation of {DNA} sequence data},
    author={Chen, Gary K and Marjoram, Paul and Wall, Jeffrey D},
    journal={Genome research},
    volume={19},
    number={1},
    pages={136--142},
    year={2009},
    publisher={Cold Spring Harbor Lab}
}

@article{csillery2010approximate,
    title={Approximate {B}ayesian computation {(ABC)} in practice},
    author={Csill{\'e}ry, Katalin and Blum, Michael GB and Gaggiotti, Oscar
        E and Fran{\c{c}}ois, Olivier},
    journal={Trends in ecology \& evolution},
    volume={25},
    number={7},
    pages={410--418},
    year={2010},
    publisher={Elsevier}
}

@article{beaumont2002approximate,
    title={Approximate {B}ayesian computation in population genetics},
    author={Beaumont, Mark A and Zhang, Wenyang and Balding, David J},
    journal={Genetics},
    volume={162},
    number={4},
    pages={2025--2035},
    year={2002},
    publisher={Oxford University Press}
}

@article{sheehan2016deep,
    title={Deep learning for population genetic inference},
    author={Sheehan, Sara and Song, Yun S},
    journal={PLoS computational biology},
    volume={12},
    number={3},
    pages={e1004845},
    year={2016},
    publisher={Public Library of Science San Francisco, CA USA}
}

@article{schrider2018supervised,
    title={Supervised machine learning for population genetics: a new
        paradigm},
    author={Schrider, Daniel R and Kern, Andrew D},
    journal={Trends in Genetics},
    volume={34},
    number={4},
    pages={301--312},
    year={2018},
    publisher={Elsevier}
}

@article{flagel2019unreasonable,
    title={The unreasonable effectiveness of convolutional neural networks in
        population genetic inference},
    author={Flagel, Lex and Brandvain, Yaniv and Schrider, Daniel R},
    journal={Molecular biology and evolution},
    volume={36},
    number={2},
    pages={220--238},
    year={2019},
    publisher={Oxford University Press}
}

@article{wegmann2010abctoolbox,
    title={{ABCtoolbox}: a versatile toolkit for approximate {B}ayesian
        computations},
    author={Wegmann, Daniel and Leuenberger, Christoph and Neuenschwander,
        Samuel and Excoffier, Laurent},
    journal={BMC bioinformatics},
    volume={11},
    number={1},
    pages={1--7},
    year={2010},
    publisher={BioMed Central}
}

@article{cornuet2008inferring,
    title={Inferring population history with {DIY} {ABC}: 
        a user-friendly approach to approximate {B}ayesian computation},
    author={Cornuet, Jean-Marie and Santos, Filipe and Beaumont, Mark A and
        Robert, Christian P and Marin, Jean-Michel and Balding, David J and
            Guillemaud, Thomas and Estoup, Arnaud},
    journal={Bioinformatics},
    volume={24},
    number={23},
    pages={2713--2719},
    year={2008},
    publisher={Oxford University Press}
}

@article{lopes2009popabc,
    title={PopABC: a program to infer historical demographic parameters},
    author={Lopes, Joao S and Balding, David and Beaumont, Mark A},
    journal={Bioinformatics},
    volume={25},
    number={20},
    pages={2747--2749},
    year={2009},
    publisher={Oxford University Press}
}

@article{mathieson2020ancestry,
    title={What is ancestry?},
    author={Mathieson, Iain and Scally, Aylwyn},
    journal={PLoS Genetics},
    volume={16},
    number={3},
    pages={e1008624},
    year={2020},
    publisher={Public Library of Science San Francisco, CA USA}
}

@article{ethier1990two,
    title={On the two-locus sampling distribution},
    author={Ethier, SN and Griffiths, RC},
    journal={Journal of Mathematical Biology},
    volume={29},
    number={2},
    pages={131--159},
    year={1990},
    publisher={Springer}
}

@article{excoffier2011fastsimcoal,
    title={Fastsimcoal: a continuous-time coalescent simulator of genomic
        diversity under arbitrarily complex evolutionary scenarios},
    author={Excoffier, Laurent and Foll, Matthieu},
    journal={Bioinformatics},
    volume={27},
    number={9},
    pages={1332--1334},
    year={2011},
    publisher={Oxford University Press}
}

@article{guillaume2006nemo,
    title={Nemo: an evolutionary and population genetics programming
        framework},
    author={Guillaume, Fr{\'e}d{\'e}ric and Rougemont, Jacques},
    journal={Bioinformatics},
    volume={22},
    number={20},
    pages={2556--2557},
    year={2006},
    publisher={Oxford University Press}
}

@article{staab2016coala,
    title={Coala: an {R} framework for coalescent simulation},
    author={Staab, Paul R and Metzler, Dirk},
    journal={Bioinformatics},
    volume={32},
    number={12},
    pages={1903--1904},
    year={2016},
    publisher={Oxford University Press}
}

@article{rivera2021simulation,
    title={Simulation with {RADinitio} improves {RADseq} experimental design and
        sheds light on sources of missing data},
    author={Rivera-Col{\'o}n, Angel G and Rochette, Nicolas C and Catchen,
        Julian M},
    journal={Molecular ecology resources},
    volume={21},
    number={2},
    pages={363--378},
    year={2021},
    publisher={Wiley Online Library}
}

@article{de2021geonomics,
    title={Geonomics: forward-time, spatially explicit, and 
        arbitrarily complex landscape genomic simulations},
    author={{Terasaki Hart}, Drew E and Bishop, Anusha P and Wang, Ian J},
    journal={Molecular Biology and Evolution},
    volume={38},
    number={10},
    pages={4634--4646},
    year={2021}
}

@article{adrion2020predicting,
    title={Predicting the landscape of recombination using deep learning},
    author={Adrion, Jeffrey R and Galloway, Jared G and Kern, Andrew D},
    journal={Molecular biology and evolution},
    volume={37},
    number={6},
    pages={1790--1808},
    year={2020},
    publisher={Oxford University Press}
}

@article{kamm2020efficiently,
    title={Efficiently inferring the demographic 
        history of many populations with allele count data},
    author={Kamm, Jack and Terhorst, Jonathan and Durbin, Richard and Song, Yun S},
    journal={Journal of the American Statistical Association},
    volume={115},
    number={531},
    pages={1472--1487},
    year={2020},
    publisher={Taylor \& Francis}
}

@article{montinaro2020revisiting,
    title={Revisiting the {O}ut of {A}frica event with a novel Deep Learning approach},
    author={Montinaro, Francesco and Pankratov, Vasili and 
        Yelmen, Burak and Pagani, Luca and Mondal, Mayukh},
    journal={bioRxiv},
    year={2020},
    publisher={Cold Spring Harbor Laboratory}
}

@article{mckenzie2020ipcoal,
    title={ipcoal: An interactive {Python} package 
        for simulating and analyzing genealogies and sequences on a species tree or network},
    author={McKenzie, Patrick F and Eaton, Deren AR},
    journal={Bioinformatics},
    volume={36},
    number={14},
    pages={4193--4196},
    year={2020},
    publisher={Oxford University Press}
}

@article{sanchez2020deep,
    title={Deep learning for population size history inference: Design,
        comparison and combination with approximate Bayesian computation},
    author={Sanchez, Th{\'e}ophile and Cury, Jean and Charpiat, Guillaume
        and Jay, Flora},
    journal={Molecular Ecology Resources},
    volume={21},
    number={8},
    pages={2645--2660},
    year={2021},
}

@article{spence2019inference,
    title={Inference and analysis of population-specific fine-scale 
        recombination maps across 26 diverse human populations},
    author={Spence, Jeffrey P and Song, Yun S},
    journal={Science Advances},
    volume={5},
    number={10},
    pages={eaaw9206},
    year={2019},
    publisher={American Association for the Advancement of Science}
}

@article{chan2018likelihood,
    title={A likelihood-free inference framework for population genetic 
        data using exchangeable neural networks},
    author={Chan, Jeffrey and Perrone, Valerio and Spence, Jeffrey P 
        and Jenkins, Paul A and Mathieson, Sara and Song, Yun S},
    journal={Advances in neural information processing systems},
    volume={31},
    pages={8594},
    year={2018},
    publisher={NIH Public Access}
}

@article{chen2007gene,
    author = {Chen, Jian-Min and Cooper, David N and Chuzhanova, Nadia 
        and F{\'{e}}rec, Claude and Patrinos, George P},
    journal = {Nature Reviews Genetics},
    number = {10},
    pages = {762--775},
    title = {Gene conversion: mechanisms, evolution and human disease},
    volume = {8},
    year = {2007}
}

@article{korunes2017gene,
    author = {Korunes, Katharine L and Noor, Mohamed A F},
    journal = {Molecular Ecology},
    number = {1},
    pages = {351--364},
    title = {Gene conversion and linkage: effects on genome evolution and speciation},
    volume = {26},
    year = {2017}
}

@article{cury2020simulation,
    author = {Cury, Jean and Haller, Benjamin C and Achaz, Guillaume and Jay, Flora},
    journal = {bioRxiv},
    publisher = {Cold Spring Harbor Laboratory},
    title = {Simulation of bacterial populations with {SLiM}},
    year = {2021}
}

@article{demaio2017the,
    author = {{De Maio}, Nicola and Wilson, Daniel J.},
    journal = {Genetics},
    number = {1},
    pages = {333--343},
    title = {The bacterial sequential markov coalescent},
    volume = {206},
    year = {2017}
}

@article{lapierre2016the,
    author = {Lapierre, Marguerite and Blin, Camille and Lambert, Amaury 
        and Achaz, Guillaume and Rocha, Eduardo P. C.},
    journal = {Molecular Biology and Evolution},
    number = {7},
    pages = {1711--1725},
    publisher = {Oxford University Press},
    title = {The Impact of Selection, Gene Conversion, 
        and Biased Sampling on the Assessment of Microbial Demography},
    volume = {33},
    year = {2016}
}

@article{mirzaei2016rent,
    title={{RENT+}: an improved method for inferring local genealogical trees
        from haplotypes with recombination},
    author={Mirzaei, Sajad and Wu, Yufeng},
    journal={Bioinformatics},
    volume={33},
    number={7},
    pages={1021--1030},
    year={2016},
    publisher={Oxford University Press}
}

@article{cardona2008extended,
    author = {Gabriel Cardona and Francesc Rossell\'o and Gabriel Valiente},
    title = {Extended {Newick}: it is time for a standard 
        representation of phylogenetic networks}, 
    year = {2008},
    journal = {BMC Bioinformatics},
    volume = {9},
    pages = {532},
}

@article{mcgill2013graphml,
    title={{GraphML} specializations to codify ancestral recombinant graphs},
    author={McGill, James R and Walkup, Elizabeth A and Kuhner, Mary K},
    journal={Fron Genet},
    volume={4},
    pages = {146},
    year={2013},
}

@article{quinto2018modeling,
    title={Modeling {SNP} array ascertainment with {A}pproximate {B}ayesian
        {C}omputation for demographic inference},
    author={Quinto-Cort{\'e}s, Consuelo D and Woerner, August E and
        Watkins, Joseph C and Hammer, Michael F},
    journal={Scientific reports},
    volume={8},
    number={1},
    pages={1--10},
    year={2018},
    publisher={Nature Publishing Group}
}

@article{chen2013asymptotic,
    title={Asymptotic distributions of coalescence times and ancestral
        lineage numbers for populations with temporally varying size},
    author={Chen, Hua and Chen, Kun},
    journal={Genetics},
    volume={194},
    number={3},
    pages={721--736},
    year={2013},
    publisher={Oxford University Press}
}

@article{racimo2017archaic,
    title={Archaic adaptive introgression in {TBX15/WARS2}},
    author={Racimo, Fernando and Gokhman, David and Fumagalli, Matteo and
        Ko, Amy and Hansen, Torben and Moltke, Ida and Albrechtsen, Anders
            and Carmel, Liran and Huerta-S{\'a}nchez, Emilia and Nielsen,
        Rasmus},
    journal={Molecular Biology and Evolution},
    volume={34},
    number={3},
    pages={509--524},
    year={2017},
    publisher={Oxford University Press}
}

@article{pavlidis2010msabc,
    title={{msABC}: a modification of {Hudson's} ms to facilitate multi-locus
        {ABC} analysis},
    author={Pavlidis, Pavlos and Laurent, Stefan and Stephan, Wolfgang},
    journal={Molecular Ecology Resources},
    volume={10},
    number={4},
    pages={723--727},
    year={2010},
    publisher={Wiley Online Library}
}

@article{rosenzweig2016powerful,
    title={Powerful methods for detecting introgressed regions from
        population genomic data},
    author={Rosenzweig, Benjamin K and Pease, James B and Besansky, Nora J
        and Hahn, Matthew W},
    journal={Molecular ecology},
    volume={25},
    number={11},
    pages={2387--2397},
    year={2016},
    publisher={Wiley Online Library}
}

@article{gladstein2018simprily,
	title = {SimPrily: A {Python} framework to simplify high-throughput genomic simulations},
	journal = {SoftwareX},
	volume = {7},
	pages = {335-340},
	year = {2018},
	author = {Ariella L. Gladstein and Quinto-Cort{\'e}s, Consuelo D and
        Julian L. Pistorius and David Christy and Logan Gantner and Blake L. Joyce},
}

@article{parobek2017skelesim,
    title={skeleSim: an extensible, general framework for population genetic simulation in R},
    author={Parobek, Christian M and Archer, Frederick I and DePrenger-Levin, 
        Michelle E and Hoban, Sean M and Liggins, Libby and Strand, Allan E},
    journal={Molecular ecology resources},
    volume={17},
    number={1},
    pages={101--109},
    year={2017},
    publisher={Wiley Online Library}
}

@article{thornton2006approximate,
    title={Approximate {Bayesian} inference reveals evidence for a recent, 
        severe bottleneck in a {N}etherlands population of {D}rosophila melanogaster},
    author={Thornton, Kevin and Andolfatto, Peter},
    journal={Genetics},
    volume={172},
    number={3},
    pages={1607--1619},
    year={2006},
    publisher={Oxford University Press}
}

@article{huang2011mtml,
    title={{MTML-msBayes}: approximate {B}ayesian comparative phylogeographic 
        inference from multiple taxa and multiple loci with rate heterogeneity},
    author={Huang, Wen and Takebayashi, Naoki and Qi, Yan and Hickerson, Michael J},
    journal={BMC bioinformatics},
    volume={12},
    number={1},
    pages={1--14},
    year={2011},
    publisher={BioMed Central}
}

@article{hickerson2007msbayes,
    title={{msBayes}: pipeline for testing comparative phylogeographic 
        histories using hierarchical approximate Bayesian computation},
    author={Hickerson, Michael J and Stahl, Eli and Takebayashi, Naoki},
    journal={BMC bioinformatics},
    volume={8},
    number={1},
    pages={1--7},
    year={2007},
    publisher={BioMed Central}
}

@article{ramos2007mlcoalsim,
    title={{Mlcoalsim}: multilocus coalescent simulations},
    author={Ramos-Onsins, Sebastian E and Mitchell-Olds, Thomas},
    journal={Evolutionary Bioinformatics},
    volume={3},
    year={2007},
}

@article{mailund2005coasim,
    title={{CoaSim}: a flexible environment for simulating genetic data under
        coalescent models},
    author={Mailund, Thomas and Schierup, Mikkel H and Pedersen, Christian
        NS and Mechlenborg, Peter JM and Madsen, Jesper N and Schauser,
        Leif},
    journal={BMC bioinformatics},
    volume={6},
    number={1},
    pages={1--6},
    year={2005},
    publisher={Springer}
}

@article{virgoulay2021gspace,
    title={GSpace: an exact coalescence simulator of recombining genomes
        under isolation by distance},
    author={Virgoulay, Thimoth{\'e}e and Rousset, Fran{\c{c}}ois and
        No{\^u}s, Camille and Leblois, Rapha{\"e}l},
    journal={Bioinformatics},
    volume={37},
    number={20},
    pages={3673--3675},
    year={2021}
}

@article{arenas2007recodon,
    title={Recodon: coalescent simulation of coding {DNA} sequences with
        recombination, migration and demography},
    author={Arenas, Miguel and Posada, David},
    journal={BMC bioinformatics},
    volume={8},
    number={1},
    pages={1--4},
    year={2007},
    publisher={BioMed Central}
}

@article{yang2016rapidly,
    title={Rapidly Registering Identity-by-Descent Across Ancestral
        Recombination Graphs},
    author={Yang, Shuo and Carmi, Shai and Pe'er, Itsik},
    journal={Journal of Computational Biology},
    volume={23},
    number={6},
    pages={495--507},
    year={2016},
    publisher={Mary Ann Liebert, Inc. 140 Huguenot Street, 3rd
        Floor New Rochelle, NY 10801 USA}
}

@article{schaefer2021ancestral,
    title={An ancestral recombination graph of human, {N}eanderthal, and
        {D}enisovan genomes},
    author={Schaefer, Nathan K and Shapiro, Beth and Green, Richard E},
    journal={Science Advances},
    volume={7},
    number={29},
    pages={eabc0776},
    year={2021},
    publisher={American Association for the Advancement of
        Science}
}

@article{osmond2021estimating,
    title={Estimating dispersal rates and locating genetic ancestors with
        genome-wide genealogies},
    author={Osmond, Matthew and Coop, Graham},
    journal={bioRxiv},
    year={2021},
    publisher={Cold Spring Harbor Laboratory}
}

@article{speidel2021inferring,
    title={Inferring Population Histories for Ancient Genomes Using
        Genome-Wide Genealogies},
    author={Speidel, Leo and Cassidy, Lara and Davies, Robert W and
        Hellenthal, Garrett and Skoglund, Pontus and Myers, Simon R},
    journal={Molecular Biology and Evolution},
    year={2021},
}

@article{peng2015genetic,
    title={Genetic data simulators and their applications: an overview},
    author={Peng, Bo and Chen, Huann-Sheng and Mechanic, Leah E and Racine,
        Ben and Clarke, John and Gillanders, Elizabeth and Feuer, Eric J},
    journal={Genetic epidemiology},
    volume={39},
    number={1},
    pages={2--10},
    year={2015},
    publisher={Wiley Online Library}
}

@article{montemuino2016approaching,
    title={Approaching long genomic regions and large recombination rates
        with msParSm as an alternative to MaCS},
    author={Montemui{\~n}o, Carlos and Espinosa, Antonio and Moure, Juan C
        and Vera, Gonzalo and Hern{\'a}ndez, Porfidio and Ramos-Onsins,
        Sebasti{\'a}n},
    journal={Evolutionary Bioinformatics},
    volume={12},
    pages={EBO--S40268},
    year={2016},
    publisher={SAGE Publications Sage UK: London, England}
}

@article{tanjo2021practical,
    title={Practical guide for managing large-scale human genome data in
        research},
    author={Tanjo, Tomoya and Kawai, Yosuke and Tokunaga, Katsushi and
        Ogasawara, Osamu and Nagasaki, Masao},
    journal={Journal of Human Genetics},
    volume={66},
    number={1},
    pages={39--52},
    year={2021},
    publisher={Nature Publishing Group}
}

@article{karczewski2020mutational,
    title={The mutational constraint spectrum quantified from variation in
        141,456 humans},
    author={Karczewski, Konrad J and Francioli, Laurent C and Tiao, Grace
        and Cummings, Beryl B and Alf{\"o}ldi, Jessica and Wang, Qingbo and
            Collins, Ryan L and Laricchia, Kristen M and Ganna, Andrea and
            Birnbaum, Daniel P and others},
    journal={Nature},
    volume={581},
    number={7809},
    pages={434--443},
    year={2020},
    publisher={Nature Publishing Group}
}

@article{chikhi2018iicr,
    title={The {IICR} (inverse instantaneous coalescence rate) as a summary of
        genomic diversity: insights into demographic inference and model
            choice},
    author={Chikhi, Loun{\`e}s and Rodr{\'\i}guez, Willy and Grusea, Simona
        and Santos, Patricia and Boitard, Simon and Mazet, Olivier},
    journal={Heredity},
    volume={120},
    number={1},
    pages={13--24},
    year={2018},
    publisher={Nature Publishing Group}
}

@article{kaplan1989hitchhiking,
  title={The ``hitchhiking effect'' revisited},
  author={Kaplan, Norman L and Hudson, Richard R and Langley, Charles H},
  journal={Genetics},
  volume={123},
  number={4},
  pages={887--899},
  year={1989},
  publisher={Oxford University Press}
}

@article{braverman1995hitchhiking,
  title={The hitchhiking effect on the site frequency spectrum of {DNA} polymorphisms},
  author={Braverman, John M and Hudson, Richard R and Kaplan, Norman L and Langley, Charles H and Stephan, Wolfgang},
  journal={Genetics},
  volume={140},
  number={2},
  pages={783--796},
  year={1995},
  publisher={Genetics Soc America}
}

@article{kim2002detecting,
  title={Detecting a local signature of genetic hitchhiking along a recombining chromosome},
  author={Kim, Yuseob and Stephan, Wolfgang},
  journal={Genetics},
  volume={160},
  number={2},
  pages={765--777},
  year={2002},
  publisher={Oxford University Press}
}

@article{coop2004ancestral,
  title={Ancestral inference on gene trees under selection},
  author={Coop, Graham and Griffiths, Robert C},
  journal={Theoretical population biology},
  volume={66},
  number={3},
  pages={219--232},
  year={2004},
  publisher={Elsevier}
}

@article{siepel2019challenges,
  author = {Siepel, Adam},
  journal = {Genome Biology},
  keywords = {funding software},
  title = {Challenges in funding and developing genomic software: roots and remedies},
  volume = 20,
  year = 2019
}

@article{morrison2016genealogies,
  title={Genealogies: Pedigrees and phylogenies are reticulating networks not just divergent trees},
  author={Morrison, David A},
  journal={Evolutionary biology},
  volume={43},
  number={4},
  pages={456--473},
  year={2016},
  publisher={Springer}
}


@article{li2006inferring,
    author = {Li, Haipeng AND Stephan, Wolfgang},
    journal = {PLOS Genetics},
    publisher = {Public Library of Science},
    title = {Inferring the Demographic History and Rate of Adaptive
        Substitution in {D}rosophila},
    year = {2006},
    month = {10},
    volume = {2},
    pages = {1-10},
    number = {10}
}

@article{birkner2009modified,
    title={A modified lookdown construction for the Xi-Fleming-Viot process
        with mutation and populations with recurrent bottlenecks},
    author={Birkner, Matthias and Blath, Jochen and M{\"o}hle, Martin and
        Steinr{\"u}cken, Matthias and Tams, Johanna},
    journal={Alea},
    volume={6},
    pages={25--61},
    year={2009}
}

=======
% JK: Note: can't be bothered changing the keys.

@article{EW06,
    title={Coalescent processes when the distribution of offspring number 
        among individuals is highly skewed},
    author={Eldon, Bjarki and Wakeley, John},
    journal={Genetics},
    volume={172},
    number={4},
    pages={2621--2633},
    year={2006},
    publisher={Oxford University Press}
}

@article{BBE13,
    title={An ancestral recombination graph for diploid populations with skewed offspring distribution},
    author={Birkner, Matthias and Blath, Jochen and Eldon, Bjarki},
    journal={Genetics},
    volume={193},
    number={1},
    pages={255--290},
    year={2013},
    publisher={Oxford University Press}
}

@article{S99,
    title={The general coalescent with asynchronous mergers of ancestral lines},
    author={Sagitov, Serik},
    journal={Journal of Applied Probability},
    volume={36},
    number={4},
    pages={1116--1125},
    year={1999},
    publisher={Cambridge University Press}
}

@article{MS01,
    title={A classification of coalescent processes for haploid 
        exchangeable population models},
    author={M\"{o}hle, Martin and Sagitov, Serik},
    journal={Annals of Probability},
    pages={1547--1562},
    year={2001},
}

@article{SW08,
    title={A coalescent process with simultaneous multiple mergers for 
        approximating the gene genealogies of many marine organisms},
    author={Sargsyan, Ori and Wakeley, John},
    journal={Theoretical population biology},
    volume={74},
    number={1},
    pages={104--114},
    year={2008},
    publisher={Elsevier}
}

@article{hedgecock_94,
    title={Does variance in reproductive success limit effective 
        population sizes of marine organisms?},
    author={Hedgecock, Dennis},
    journal={Genetics and evolution of aquatic organisms},
    pages={122--134},
    year={1994},
    publisher={Chapman and Hall}
}

@incollection{B94,
    title={Mitochondrial haplotype frequencies in oysters: 
        neutral alternatives to selection models},
    author={Beckenbach, Andrew T},
    booktitle={Non-neutral evolution},
    pages={188--198},
    year={1994},
    publisher={Springer}
}

@article{HP11,
    title={Sweepstakes reproductive success in highly fecund marine fish and shellfish: 
        a review and commentary},
    author={Hedgecock, Dennis and Pudovkin, Alexander I},
    journal={Bulletin of Marine Science},
    volume={87},
    number={4},
    pages={971--1002},
    year={2011},
    publisher={University of Miami-Rosenstiel School of Marine and Atmospheric Science}
}

@article{A04,
    title={Mitochondrial cytochrome \emph{b} {DNA} variation in the
        high-fecundity {A}tlantic 
        cod: trans-{A}tlantic clines and shallow gene genealogy},
	author = {\'{A}rnason, Einar},
    journal={Genetics},
    volume={166},
    number={4},
    pages={1871--1885},
    year={2004},
    publisher={Oxford University Press}
}

@article{irwin16,
    title={On the importance of skewed offspring distributions and background selection in virus population genetics},
    author={Irwin, Kristen K and Laurent, Stefan and Matuszewski, Sebastian and Vuilleumier, Severine and Ormond, Louise and Shim, Hyunjin and Bank, Claudia and Jensen, Jeffrey D},
    journal={Heredity},
    volume={117},
    number={6},
    pages={393--399},
    year={2016},
    publisher={Nature Publishing Group}
}

@article{DK99,
    title={Particle representations for measure-valued population models},
    author={Donnelly, Peter and Kurtz, Thomas G},
    journal={The Annals of Probability},
    volume={27},
    number={1},
    pages={166--205},
    year={1999},
    publisher={Institute of Mathematical Statistics}
}

@article{S00,
	author = {Jason Schweinsberg},
	journal = {Electron Journal of Probability},
	pages = {1--50},
	title = {Coalescents with simultaneous multiple collisions},
	volume = 5,
	year = 2000
}

@article{EF2018,
    title={Genealogical properties of subsamples in highly fecund populations},
    author={Eldon, Bjarki and Freund, Fabian},
    journal={Journal of Statistical Physics},
    volume={172},
    number={1},
    pages={175--207},
    year={2018},
    publisher={Springer}
}

@article{Matuszewski2017,
    title={Coalescent processes with skewed offspring distributions and 
        nonequilibrium demography},
    author={Matuszewski, Sebastian and Hildebrandt, Marcel E and Achaz, Guillaume and Jensen, Jeffrey D},
    journal={Genetics},
    volume={208},
    number={1},
    pages={323--338},
    year={2018},
    publisher={Oxford University Press}
}

@article{Der2012,
    title={Dynamics of neutral and selected alleles when the offspring distribution is skewed},
    author={Der, Ricky and Epstein, Charles and Plotkin, Joshua B},
    journal={Genetics},
    volume={191},
    number={4},
    pages={1331--1344},
    year={2012},
    publisher={Oxford University Press}
}

@article{Freund2020,
    title={Cannings models, population size changes and multiple-merger coalescents},
    author={Freund, Fabian},
    journal={Journal of mathematical biology},
    volume={80},
    number={5},
    pages={1497--1521},
    year={2020},
    publisher={Springer}
}

@article{schweinsberg03,
    title={Coalescent processes obtained from supercritical {G}alton--{W}atson processes},
    author={Schweinsberg, Jason},
    journal={Stochastic processes and their Applications},
    volume={106},
    number={1},
    pages={107--139},
    year={2003},
    publisher={Elsevier}
}

@article{BLS15,
    title={Coalescent results for diploid exchangeable population models},
    author={Birkner, Matthias and Liu, Huili and Sturm, Anja},
    journal={Electronic Journal of Probability},
    volume={23},
    pages={1--44},
    year={2018},
    publisher={Institute of Mathematical Statistics and Bernoulli Society}
}

@article{P99,
    title={Coalescents with multiple collisions},
    author={Pitman, Jim},
    journal={Annals of Probability},
    pages={1870--1902},
    year={1999},
    publisher={JSTOR}
}

@article{Gillespie909,
    title={Genetic drift in an infinite population: the pseudohitchhiking model},
    author={Gillespie, John H},
    journal={Genetics},
    volume={155},
    number={2},
    pages={909--919},
    year={2000},
    publisher={Oxford University Press}
}

@article{DS04,
    title={Approximating selective sweeps},
    author={Durrett, Richard and Schweinsberg, Jason},
    journal={Theoretical population biology},
    volume={66},
    number={2},
    pages={129--138},
    year={2004},
    publisher={Elsevier}
}

@article{Eldon2018,
    title={Evolution of highly fecund haploid populations},
    author={Eldon, Bjarki and Stephan, Wolfgang},
    journal={Theoretical population biology},
    volume={119},
    pages={48--56},
    year={2018},
    publisher={Elsevier}
}

@Unpublished{CDEE2020,
    year=2022,
    author={Jonathan A Chetwynd-Diggle and Bjarki Eldon and  Alison M Etheridge},
    title={Beta-coalescents when sample size is large},
    note={in preparation}
}


